3159 4950
795 472 868 520 τ.
913 471 1110 522 mvn
1158 471 1356 524 msr.
1407 475 1552 523 mn.
1600 475 1841 528 xxm.
1884 478 2053 528 css.
2092 463 2201 531 29.

397 621 536 661 xxx.
557 615 640 662 ⁸8.
673 613 832 664 ‘Vias
867 621 1106 678 patentes
1140 617 1277 668 inter
1299 619 1458 669 meni-

395 689 546 750 pulos
567 690 1028 752 antesignanorum
1052 693 1292 744 velitibus
1321 709 1457 745 eom·

395 763 598 826 plevin’
640 778 896 817 xxxvm.
918 771 1002 819 21.
1026 776 1041 797 ‘
1058 769 1210 822 Quod
1233 770 1324 820 uhi
1353 771 1456 821 Ro-

397 841 536 890 mani
579 841 836 899 viderunt,
889 847 1184 908 expediunt
1229 861 1346 898 sese
1389 847 1454 898 ad

393 929 618 980 pugnam
633 934 652 967 a
672 927 794 970 aute
814 921 962 986 signa
981 922 1186 974 modico
1207 925 1456 974 interval·

395 992 444 1042 lo
466 993 652 1042 velites
687 995 850 1045 eunt.’
915 997 1050 1046 Sunt
1074 1011 1199 1062 ergo
1223 998 1289 1047 de
1317 999 1455 1050 Livii

393 1071 654 1120 sententia
675 1083 776 1120 non
811 1085 988 1122 omnes
1020 1075 1344 1139 antesignani
1369 1091 1454 1125 ve-

391 1143 529 1193 lites.
577 1146 727 1196 Quod
745 1152 801 1195 et
825 1147 1018 1198 indicat
1041 1161 1230 1199 xxvu.
1255 1155 1332 1200 18.
1355 1153 1371 1180 ‘
1387 1151 1453 1201 In

393 1233 483 1268 eos
527 1221 732 1285 velites,
778 1225 1219 1291 antesignanique,
1265 1234 1318 1276 et
1363 1230 1452 1294 qui

391 1295 541 1356 primi
565 1298 782 1358 agminis
806 1300 990 1349 eraut?
1061 1303 1128 1352 Et
1157 1303 1366 1368 Vegetii
1390 1319 1453 1356 n.

389 1374 442 1422 2.
464 1378 481 1403 ⁶
498 1371 664 1436 Legio
699 1381 872 1424 autem
907 1377 1134 1440 propriis
1155 1380 1452 1431 cohortibus

393 1447 564 1510 plena,
591 1463 708 1499 eum
745 1465 954 1513 gravem
989 1462 1324 1517 armaturam,
1356 1458 1452 1506 hoc

389 1533 490 1586 est,
517 1528 800 1592 principes,
831 1530 1084 1596 hastatos,
1119 1533 1340 1598 triarios,
1363 1549 1452 1585 au·

391 1601 708 1665 tesignauos,
751 1604 876 1655 item
913 1608 1078 1657 levem
1123 1617 1452 1668 armaturam,

387 1676 486 1728 hoc
507 1687 610 1743 est,
635 1679 980 1746 ferentarius,
999 1684 1313 1746 sagittarios,
1334 1684 1450 1736 fun·

385 1757 602 1820 ditores,
634 1759 952 1823 balistarios,
983 1777 1100 1811 cnm
1137 1765 1373 1829 proprios
1397 1773 1451 1815 et

385 1833 484 1882 sibi
509 1835 686 1884 insitos
709 1837 910 1900 equites
933 1838 1246 1900 legionarios
1268 1841 1448 1890 iisdem

384 1910 674 1961 matriculis
715 1912 927 1963 teneat.’
994 1915 1091 1964 Est
1126 1923 1300 1966 autem
1334 1918 1448 1968 haec

385 1997 532 2036 mens
574 1989 718 2050 ejus:
769 1991 960 2054 triplex
1021 1994 1172 2042 stetit
1217 1995 1447 2044 Romana

385 2064 548 2128 acies,
568 2065 912 2129 hastatorum,
943 2069 1257 2132 principum,
1277 2073 1447 2122 triari-

381 2153 562 2190 orumz
599 2143 692 2191 hos
729 2143 964 2205 intellige
1001 2149 1190 2209 partim
1223 2148 1446 2212 antesig-

383 2229 564 2273 nanos.
589 2219 777 2282 partim
801 2221 899 2270 sub
921 2221 1080 2286 signis
1103 2237 1117 2272 ε
1143 2231 1289 2273 extra
1307 2224 1445 2275 hunc

382 2307 648 2344 numerum
673 2296 878 2358 velites,
897 2311 1114 2363 quoram
1139 2299 1265 2349 alios
1285 2299 1445 2348 inter-

381 2371 562 2418 mistos
581 2373 950 2436 antesignanis,
987 2375 1115 2424 alios
1147 2383 1266 2438 post
1291 2377 1444 2440 signa

381 2447 573 2498 locatos
614 2447 772 2499 finisse
816 2451 920 2501 ait:
969 2459 1076 2502 tum
1116 2453 1344 2518 equitem
1389 2455 1440 2504 in

377 2524 484 2575 duo
499 2537 693 2576 cornua
713 2527 946 2577 divisum.
981 2532 999 2559 ⁸
1015 2528 1215 2579 Velites
1232 2529 1245 2549 '
1267 2538 1440 2581 autem

377 2600 462 2651 lsic
497 2602 744 2664 intellige,
775 2617 876 2653 non
910 2604 1024 2655 illos
1059 2606 1293 2667 eximios,
1312 2623 1442 2673 qnos

380 2690 544 2728 xxvt.
564 2682 614 2729 4.
635 2678 916 2730 demum'in
939 2680 1208 2732 obsidione
1241 2684 1434 2745 Capuae

375 2755 644 2807 institutos
667 2764 862 2816 narrat,
891 2759 1254 2808 consentiente
1287 2758 1440 2809 Vale·

379 2832 458 2881 rio
479 2832 714 2883 Maximo
735 2845 798 2883 ιι.
821 2838 869 2883 8.
907 2834 996 2883 sed
1023 2835 1075 2882 iu
1097 2848 1288 2899 genere
1313 2835 1438 2885 levis

375 2916 654 2957 armatura
695 2910 926 2959 militem.
997 2910 1114 2959 Non
1149 2909 1304 2959 aliter
1337 2908 1441 2958 dis-

376 2991 622 3047 posuerat
643 2998 772 3035 vnx.
797 2990 847 3036 8.
867 2999 982 3035 nam
1008 2986 1081 3034 ibi
1099 3000 1304 3051 quoque
1323 2986 1438 3037 has·

375 3068 510 3111 tatos
532 3069 590 3111 et
613 3064 876 3127 principes
899 3070 915 3093 ‘
937 3064 1304 3126 antesignanos
1321 3064 1336 3086 '
1359 3063 1437 3114 fa-

373 3139 480 3199 cit3
521 3138 840 3189 hastatorum
897 3140 1173 3202 manipulis
1221 3139 1437 3201 singulis

370 3214 520 3265 addit
567 3216 769 3264 vicenos
803 3214 991 3265 leviter
1032 3220 1273 3264 armatos.
1339 3215 1438 3264 Est

373 3298 546 3340 antem
593 3305 694 3339 vox
748 3290 926 3339 eadem
983 3300 1232 3353 corrupta
1284 3292 1437 3354 vulgo

373 3366 509 3429 apud
543 3367 848 3417 Frontinum
894 3380 956 3416 n.
996 3371 1047 3417 8.
1089 3368 1115 3430 §
1149 3370 1228 3416 17.
1260 3366 1276 3396 ⁸
1299 3368 1434 3417 Tum

371 3444 741 3507 postsignauis,
792 3445 881 3507 qui
936 3448 986 3493 in
1041 3445 1268 3493 secunda
1319 3446 1436 3495 acie

371 3525 540 3582 erant,
563 3519 860 3584 imperavit,
895 3528 957 3569 ut
987 3520 1174 3569 densos
1197 3534 1434 3569 numero-

369 3606 559 3663 soaque
595 3599 740 3661 palos
768 3595 916 3646 firme
940 3597 992 3646 in
1019 3604 1213 3647 terram
1239 3596 1433 3659 defige·

371 3682 521 3723 rent:
555 3674 795 3738 intraque
829 3688 937 3730 eos,
969 3675 1431 3739 appropinquanti·

371 3747 468 3798 bus
507 3748 789 3813 quadrigis,
843 3755 968 3797 ante
1011 3749 1159 3811 signa
1203 3758 1431 3799 nostram

369 3826 534 3874 aciem
576 3824 778 3887 recepit
797 3823 830 3874 ι’
863 3826 980 3889 lego
1019 3826 1434 3888 antesignanorum

365 3902 519 3952 scient
559 3900 752 3965 reequ't.
784 3900 836 3953 J.
875 3900 936 3951 F.
975 3900 1138 3951 Gron.
1205 3902 1433 3953 Peditum

289 3984 302 3992 ’
362 3991 482 4042 pars
497 3978 628 4028 iuter
648 3983 760 4027 unte
778 3977 920 4039 dno
936 3978 1089 4026 locuta
1111 3978 1268 4027 etiam
1293 3978 1430 4031 Flor.

371 4054 528 4105 eant.
568 4054 724 4103 Voss.
768 4054 898 4104 Lus.
935 4060 980 4103 1.
1013 4058 1062 4103 2.
1097 4058 1148 4105 4.
1185 4060 1234 4103 6.
1279 4054 1429 4106 Harl.

367 4131 495 4181 Ber.
527 4127 693 4179 Hafn.
729 4127 947 4180 Gaertn.
974 4138 1029 4179 et
1055 4130 1192 4180 Hav.
1211 4132 1429 4182 Salmas.

367 4206 434 4257 de
459 4206 537 4257 Re
561 4206 718 4256 Milit.
740 4206 887 4255 Rom.
911 4220 957 4255 c.
980 4210 1059 4257 17.
1079 4222 1129 4270 p.
1154 4209 1301 4259 1412.
1320 4208 1428 4257 vul·

368 4288 546 4347 gutum
591 4281 666 4331 its
698 4281 1014 4345 exponebat,
1060 4283 1208 4347 quasi
1251 4282 1429 4334 Livius

365 4358 626 4424 duplicem
664 4356 800 4409 aciei
833 4356 1080 4409 Romana
1117 4356 1429 4411 divisionem

2420 465 2597 533 9615

1533 619 1763 673 dedisset
1785 636 1802 683 3
1838 623 2055 674 alteram
2076 623 2155 673 bis
2184 624 2370 684 verbis,
2394 627 2595 691 stiplex

1527 697 1669 746 stetit
1712 697 1928 748 Romana
1959 700 2102 756 acies,
2148 715 2337 765 nempe
2380 702 2595 760 hastati,

1532 771 1811 838 principes,
1834 774 2031 837 triarii3
2071 775 2285 826 alteram
2319 778 2487 828 verbis
2510 792 2591 827 se·

1531 848 1841 912 quentibus3
1862 849 1950 898 ubi
1976 865 2071 913 per
2093 857 2107 880 ⁸
2132 858 2332 914 partem
2358 853 2591 916 peditum

1529 931 1653 972 ante
1676 924 1821 988 signa
1842 926 2063 976 locatam
2077 925 2093 948 ⁹
2115 927 2363 992 intelligit
2386 929 2593 986 velites.

1531 997 1727 1062 triplici
1773 1001 1931 1064 priori
1967 1004 2079 1051 acie
2117 1016 2219 1053 non
2254 1005 2591 1067 comprehen-

1527 1091 1643 1139 πως
1676 1091 1774 1141 per
1806 1085 1823 1106 ‘
1846 1087 2046 1143 partem
2074 1089 2191 1144 post
2225 1081 2376 1146 signa
2405 1097 2590 1146 accep-

1528 1154 1676 1215 tam‚'
1716 1157 1963 1221 reliquam
2004 1157 2234 1221 peditum
2257 1158 2419 1208 aciem
2446 1158 2591 1209 trifa-

1531 1232 1657 1280 riam
1702 1233 1754 1281 in
1790 1233 2035 1296 hastatos,
2070 1233 2347 1298 principes,
2382 1235 2591 1286 triarios

1527 1307 1763 1357 divisam.
1829 1309 2078 1362 Quamvis
2099 1317 2273 1360 autem
2294 1309 2405 1372 ipse
2422 1311 2589 1362 Gron-

1531 1385 1629 1448 ΕΡ.
1669 1385 1735 1435 ad
1781 1385 1999 1437 Salmas.
2048 1387 2189 1436 edita
2234 1401 2267 1435 a
2312 1387 2487 1438 Burni.
2532 1390 2588 1438 in

1525 1461 1658 1525 Syll.
1708 1469 1831 1511 tom.
1872 1475 1939 1511 ιι.
1970 1475 2089 1526 pag.
2125 1465 2241 1512 610.
2277 1477 2333 1512 se
2371 1479 2437 1513 ex
2477 1464 2589 1528 ejus

1523 1539 1789 1588 sententia
1816 1539 2028 1602 peditum
2062 1539 2212 1588 malle
2236 1537 2484 1595 fateatur,
2509 1545 2590 1589 at·

1524 1617 1698 1662 tamen
1735 1615 2033 1672 lectionem,
2070 1629 2221 1679 quam
2256 1615 2338 1665 blc
2368 1631 2433 1665 ex
2459 1617 2585 1666 Pnt.

1523 1693 1682 1752 eruit,
1706 1693 1961 1742 veriorem
1986 1705 2099 1741 esse
2125 1697 2267 1754 puto.
2332 1691 2588 1742 Eamdem

1521 1770 1593 1816 eti
1602 1783 1679 1817 arn
1708 1768 1961 1832 probavit,
1981 1775 2035 1818 et
2057 1770 2331 1832 diiigenter
2343 1771 2589 1833 exposuit

1519 1846 1692 1895 Schel.
1730 1845 1794 1894 ad
1834 1845 1972 1910 Hyg.
2004 1859 2056 1908 p.
2080 1849 2226 1896 loss.
2258 1845 2433 1895 Voces
2458 1853 2473 1876 ‘
2494 1861 2584 1910 pe-

1519 1920 1692 1971 dites'
1712 1929 1769 1972 et
1802 1922 1819 1950 ‘
1842 1921 2060 1972 velites’
2095 1923 2251 1972 etiam
2283 1923 2404 1972 alibi
2443 1937 2585 1973 com-

1519 2003 1808 2046 mutantur.
1861 1996 1995 2046 Vide
2021 1997 2253 2047 Gronov.
2274 1997 2339 2046 ad
2366 2010 2583 2049 xxxnt.

1517 2076 1564 2121 7.
1590 2074 1616 2137 ξ
1637 2078 1689 2124 4.
1754 2075 2027 2124 Praeterea
2044 2073 2172 2122 acies
2192 2073 2409 2124 Ronanus
2430 2075 2583 2124 Voss.

1519 2147 1649 2197 Lov.
1688 2153 1735 2198 1.
1769 2154 1819 2198 2.
1854 2153 1902 2198 3.
1939 2153 1988 2199 4.
2020 2151 2145 2198 Ber.
2184 2149 2407 2200 Gaertn.
2440 2151 2583 2202 Hav-

1515 2229 1574 2272 et
1596 2225 1735 2288 typis
1759 2227 1938 2274 excusi
1962 2235 2083 2274 ante
2106 2225 2228 2274 Ald.

1582 2301 1665 2362 §rt
1698 2299 1845 2349 Laeuo
1886 2299 2027 2358 Afros
2042 2316 2059 2349 .-
2104 2303 2582 2367 mercenariorumque

1514 2377 1703 2426 auxilia
1737 2377 1967 2440 equitum,
1988 2377 2099 2441 φη]
2159 2375 2278 2426 Alb.
2312 2377 2581 2428 Rubenius

1515 2455 1717 2505 monuit
1772 2469 1852 2503 me
1910 2453 2241 2504 scribendum
2286 2461 2340 2505 et
2392 2454 2582 2507 distin-

1515 2532 1791 2593 guendum,
1831 2532 1951 2580 loeeo
1982 2530 2131 2590 Afros
2168 2546 2310 2581 mere.
2356 2532 2580 2583 auxilie:

1511 2608 1721 2669 equitum
1744 2607 1983 2655 Numidas
2001 2606 2140 2655 Poen.
2154 2607 2280 2669 ped„
2297 2612 2495 2657 eaeteroae
2508 2608 2580 2659 A·

1501 2680 1607 2737 sris
1616 2696 1703 2743 pro
1712 2696 1839 2730 corn.
1852 2682 2061 2744 apponit.
2084 2682 2257 2731 Facile
2274 2684 2580 2746 amplector,

1515 2756 1615 2805 nisi
1639 2758 1773 2822 qnod
1812 2755 1871 2806 τὸ
1903 2756 2093 2820 opponit
2128 2766 2329 2807 mutare
2350 2759 2580 2809 nondum

1513 2833 1699 2883 audeo.
1766 2833 1968 2882 Auctor
2000 2833 2065 2881 de
2097 2832 2250 2881 Bello
2287 2832 2403 2884 Afr.
2427 2850 2473 2883 c.
2500 2838 2579 2885 ts.

1514 2910 1866 2971 ‘Sagittarius
1900 2917 2021 2959 ante
2063 2910 2229 2957 aciem
2272 2910 2577 2960 constituit:

1513 2986 1715 3049 equites
1753 2985 1943 3036 dextro
1964 2986 2277 3050 sinistroque
2303 3000 2461 3036 corun
2486 3000 2578 3051 op-

1513 3062 1697 3125 ponit-⁹
1763 3064 1940 3113 Livius
1966 3076 2030 3112 n.
2049 3066 2134 3111 47.
2173 3064 2189 3090 ⁸
2208 3062 2581 3113 Manlius-con·

1511 3140 1595 3189 sul
1620 3146 1861 3188 revectus
1884 3138 1935 3189 in
1954 3146 2143 3195 castra,
2168 3138 2231 3187 ad
2258 3152 2433 3188 omnes
2459 3152 2580 3205 por-

1513 3221 1591 3264 tas
1636 3216 1807 3264 milite
1851 3214 2111 3277 opposito,
2166 3213 2397 3264 hostibus
2436 3216 2575 3265 viam

1509 3289 1808 3340 clauserat?
1872 3290 1988 3341 Lib.
2012 3302 2193 3341 xxvn.
2214 3304 2264 3340 e.
2285 3294 2369 3340 48.
2384 3293 2400 3321 ⁸
2422 3290 2577 3341 Circo

1509 3382 1601 3416 eos
1626 3368 1756 3417 laevo
1779 3368 1831 3415 in
1848 3381 2009 3416 cornu
2027 3366 2277 3416 adversus
2300 3368 2576 3417 Claudium

1509 3444 1689 3494 Gallos
1732 3441 1987 3506 opponit!
2042 3456 2248 3493 xxxiv.
2286 3448 2368 3493 16.
2412 3444 2574 3495 ‘Nou

1509 3520 1753 3569 sustinuit
1778 3521 2028 3583 impetum
2052 3534 2228 3569 eorum
2254 3521 2428 3575 statio.
2450 3534 2571 3585 qum

1511 3603 1677 3659 portas
1718 3596 1957 3659 opposita
1998 3594 2151 3645 erat.’
2216 3608 2441 3649 xxxvu.
2485 3600 2571 3648 ⁸9.

1507 3673 1560 3721 in
1585 3673 1697 3721 acie
1717 3673 1945 3722 Rontana
1960 3671 2206 3722 adversus
2225 3672 2533 3725 Antiochum
2552 3689 2570 3725 t

1503 3750 1520 3777 ‘
1539 3750 1673 3798 ultra
1710 3764 1798 3798 eos
1834 3748 2067 3813 equitum
2094 3750 2262 3799 minus
2286 3750 2389 3799 tria
2410 3750 2572 3802 millia

1506 3824 1781 3887 opposuit.’
1848 3824 1917 3873 Et
1953 3838 2088 3881 mox,
2111 3825 2127 3853 ⁶
2147 3833 2372 3888 quatuor
2393 3832 2571 3876 tamen

1508 3900 1629 3948 inde
1652 3908 1837 3948 turmas
1872 3901 2105 3963 equitnm
2140 3900 2430 3963 oppositu!
2498 3900 2571 3952 Et

1503 3978 1558 4027 in
1579 3978 1695 4027 acie
1719 3976 1964 4025 Antiochi
1979 3980 2122 4026 caio.
2144 3980 2161 4004 ‘
2188 3976 2265 4027 ad
2286 3978 2423 4027 latus
2442 3977 2568 4027 dex·

1503 4062 1643 4103 trum
1684 4051 2097 4117 phalangitarum
2144 4052 2283 4101 mille
2324 4062 2375 4100 et
2418 4053 2569 4117 quin-

1505 4135 1693 4195 gentos
1715 4130 1915 4191 equites
1944 4129 2381 4190 Gallograecorum
2403 4143 2569 4193 oppo-

1503 4206 1641 4256 suit.'
1736 4204 1869 4254 Htec
1914 4206 2287 4269 propemodum
2332 4206 2569 4270 exigunt,

1501 4282 1715 4346 equitum
1756 4279 1989 4329 Numidas
2041 4280 2297 4331 Poeumm
2338 4284 2565 4345 peditum,

1501 4364 1698 4409 cosei-os
1732 4355 1965 4417 morast
1990 4368 2085 4419 pro
2107 4356 2328 4408 mnibus
2354 4360 2566 4424 opponit.
